@article{obrien2016dridex,
  title = {Dridex: Tidal waves of spam pushing dangerous financial trojan},
  author = {O’Brien, Dick},
  journal = {Symantec, White Paper},
  year = {2016},
  month = {02},
  url = {https://www.symantec.com/content/en/us/enterprise/media/security_response/whitepapers/dridex-financial-trojan.pdf}
}

@inproceedings{haas2016resilience,
  title = {On the resilience of P2P-based botnet graphs},
  author = {Haas, Steffen and Karuppayah, Shankar and Manickam, Selvakumar and Mühlhäuser, Max and Fischer, Mathias},
  booktitle = {2016 {IEEE} Conference on Communications and Network Security ({CNS})},
  pages = {225--233},
  publisher = {Institute of Electrical and Electronics Engineers ({IEEE})},
  year = {2016},
  month = {10},
  doi = {10.1109/cns.2016.7860489},
  url = {https://doi.org/10.1109/cns.2016.7860489}
}

@inproceedings{karasaridis2007wide,
  title = {Wide-scale botnet detection and characterization},
  author = {Karasaridis, Anestis and Rexroad, Brian and Hoeflin, David},
  booktitle = {Proceedings of the first conference on First Workshop on Hot Topics in Understanding Botnets},
  pages = {7--7},
  year = {2007},
  organization = {USENIX Association}
}

@article{teo2015learning,
  title = {Learning from the Dridex Malware - Adopting an Effective Strategy},
  author = {Teo, Lionel},
  journal = {SANS Institute, InfoSec Reading Room},
  year = {2015},
  month = {10},
  url = {https://www.sans.org/reading-room/whitepapers/detection/learning-dridex-malware-adopting-effective-strategy-36397}
}

@article{herzberg2016breaking,
  title = {Breaking Down Mirai: An IoT DDoS Botnet Analysis},
  author = {Herzberg, Ben and Bekerman, Dima and Zeifman, Igal},
  journal = {Incapsula, Blog},
  year = {2016},
  month = {10},
  url = {https://www.incapsula.com/blog/malware-analysis-mirai-ddos-botnet.html}
}

@article{krebs2016krebsonsecurity,
  title = {KrebsOnSecurity Hit With Record DDoS},
  author = {Krebs, Brian},
  journal = {KrebsonSecurity, Blog},
  year = {2016},
  month = {09},
  url = {https://krebsonsecurity.com/2016/09/krebsonsecurity-hit-with-record-ddos/}
}

@article{krebs2017who,
  title = {Who is Anna-Senpai, the Mirai Worm Author?},
  author = {Krebs, Brian},
  journal = {KrebsonSecurity, Blog},
  year = {2017},
  month = {01},
  url = {https://krebsonsecurity.com/2017/01/who-is-anna-senpai-the-mirai-worm-author/}
}

@inproceedings{aburajab2006multifaceted,
  title = {A Multifaceted Approach to Understanding the Botnet Phenomenon},
  author = {Abu Rajab, Moheeb and Zarfoss, Jay and Monrose, Fabian and Terzis, Andreas},
  booktitle = {Proceedings of the 6th ACM SIGCOMM Conference on Internet Measurement},
  series = {IMC '06},
  year = {2006},
  isbn = {1-59593-561-4},
  location = {Rio de Janeriro, Brazil},
  pages = {41--52},
  url = {http://doi.acm.org/10.1145/1177080.1177086},
  doi = {10.1145/1177080.1177086},
  publisher = {ACM}
}

@article{puri2003bots,
  title = {Bots \& botnets: An overview},
  author = {Puri, Ramneek},
  journal = {SANS Institute, InfoSec Reading Room},
  year = {2003},
  month = {08},
  url = {https://www.sans.org/reading-room/whitepapers/malicious/bots-botnet-overview-1299}
}

@article{blueliv2015chasing,
  title = {Chasing Cyber Crime Network Insights of Dyre and Dridex},
  author = {Blueliv},
  journal = {Blueliv, Cyber Threat Intelligence Report},
  year = {2015},
  month = {10},
  url = {https://www.blueliv.com/downloads/documentation/reports/Network_insights_of_Dyre_and_Dridex_Trojan_bankers.pdf}
}

@article{tokazowski2016dridex,
  title = {Dridex Experimenting with New Attack Vectors},
  author = {Tokazowski, Ronnie},
  journal = {PhishMe, Blog},
  year = {2016},
  month = {10},
  url = {https://phishme.com/dridex-experimenting-with-new-attack-vectors/}
}

@article{ramos2016dridex,
  title = {Dridex - an old dog is learning new tricks},
  author = {Ramos, Eruel},
  journal = {G DATA, Security Blog},
  year = {2016},
  month = {10},
  url = {https://blog.gdatasoftware.com/2016/10/29261-dridex-an-old-dog-is-learning-new-tricks}
}

@article{proofpoint2017dridex,
  title = {Dridex Campaigns Hitting Millions of Recipients Using Unpatched Microsoft Zero-Day},
  author = {Proofpoint Staff},
  journal = {Proofpoint, Blog},
  year = {2017},
  month = {04},
  url = {https://www.proofpoint.com/us/threat-insight/post/dridex-campaigns-millions-recipients-unpatched-microsoft-zero-day}
}

@article{nca2015uk,
  title = {UK internet users potential victims of serious cyber attack},
  author = {National Crime Agency},
  journal = {NCA News},
  year = {2015},
  month = {10},
  url = {http://www.nationalcrimeagency.gov.uk/news/723-uk-internet-users-potential-victims-of-serious-cyber-attack}
}

@article{chikofsky1990reverse,
  title = {Reverse Engineering and Design Recovery: A taxonomy},
  author = {Chikofsky, Elliot J. and Cross, James H.},
  journal = {{IEEE} Software},
  publisher = {Institute of Electrical and Electronics Engineers ({IEEE})},
  year = {1990},
  month = {01},
  doi = {10.1109/52.43044},
  url = {https://doi.org/10.1109/52.43044},
}

@article{liberman2016atombombing,
  title = {AtomBombing: Brand New Code Injection for Windows},
  author = {Liberman, Tal},
  journal = {Breaking Malware, enSilo Blog},
  year = {2016},
  month = {10},
  url = {https://breakingmalware.com/injection-techniques/atombombing-brand-new-code-injection-for-windows/}
}

@article{krebs2010mariposa,
  title = {‘Mariposa’ Botnet Authors May Avoid Jail Time},
  author = {Krebs, Brian},
  journal = {KrebsonSecurity, Blog},
  year = {2010},
  month = {03},
  url = {https://krebsonsecurity.com/2010/03/mariposa-botnet-authors-may-avoid-jail-time/}
}

@inproceedings{nadji2013beheading,
  title = {Beheading Hydras: Performing Effective Botnet Takedowns},
  author = {Nadji, Yacin and Antonakakis, Manos and Perdisci, Roberto and Dagon, David and Wenke Lee},
  year  = {2013},
  publisher = {{ACM} Press},
  booktitle = {Proceedings of the 2013 {ACM} {SIGSAC} conference on Computer {\&} communications security - {CCS} {\textquotesingle}13},
  doi = {10.1145/2508859.2516749},
  url = {https://doi.org/10.1145/2508859.2516749},
}

@inproceedings{rossow2013sok,
  title = {Sok: P2pwned-modeling and evaluating the resilience of peer-to-peer botnets},
  author = {Rossow, Christian and Andriesse, Dennis and Werner, Tillmann and Stone-Gross, Brett and Plohmann, Daniel and Dietrich, Christian J and Bos, Herbert},
  booktitle = {2013 {IEEE} Symposium on Security and Privacy (SP)},
  pages = {97--111},
  year = {2013},
  organization = {IEEE},
  doi = {10.1109/SP.2013.1},
  url = {https://doi.org/10.1109/SP.2013.1},
}

@article{rieunier2015indepth,
  title = {In-depth analysis of a Dridex malware dropper},
  author = {Rieunier, Christophe},
  journal = {Security Homework, Blog},
  year = {2015},
  month = {06},
  url = {http://christophe.rieunier.name/securite/Dridex/20150608_dropper/Dridex_dropper_analysis.php}
}

@inproceedings{karuppayah2014advanced,
  title = {On advanced monitoring in resilient and unstructured P2P botnets},
  author = {Karuppayah, Shankar and Fischer, Mathias and Rossow, Christian and Mühlhauser, Max},
  booktitle = {2014 {IEEE} International Conference on Communications ({ICC})},
  year  = {2014},
  month = {06},
  publisher = {{IEEE}},
  doi = {10.1109/icc.2014.6883429},
  url = {https://doi.org/10.1109/icc.2014.6883429}
}

@incollection{yan2011ratbot,
  title = {{RatBot}: Anti-enumeration Peer-to-Peer Botnets},
  author = {Yan, Guanhua and Chen, Songqing and Eidenbenz, Stephan},
  booktitle = {Lecture Notes in Computer Science},
  pages = {135--151},
  year  = {2011},
  month = {10},
  publisher = {Springer Berlin Heidelberg},
  doi = {10.1007/978-3-642-24861-0_10},
  url = {https://doi.org/10.1007/978-3-642-24861-0_10}
}

@inproceedings{dittrich2008new,
  title = {New Directions in Peer-to-Peer Malware},
  author = {Dittrich, David and Dietrich, Sven},
  booktitle = {2008 {IEEE} Sarnoff Symposium},
  year  = {2008},
  month = {04},
  publisher = {{IEEE}},
  doi = {10.1109/sarnof.2008.4520101},
  url = {https://doi.org/10.1109/sarnof.2008.4520101}
}

@article{yan2008revealing,
  title = {Revealing Packed Malware},
  author = {Yan, Wei and Zhang, Zheng and Ansari, Nirwan},
  journal = {{IEEE} Security {\&} Privacy Magazine},
  year  = {2008},
  month = {09},
  volume = {6},
  number = {5},
  pages = {65--69},
  publisher = {Institute of Electrical and Electronics Engineers ({IEEE})},
  doi = {10.1109/msp.2008.126},
  url = {https://doi.org/10.1109/msp.2008.126}
}

@inproceedings{you2010malware,
  title = {Malware Obfuscation Techniques: A Brief Survey},
  author = {You, Ilsun and Yim, Kangbin},
  booktitle = {2010 International Conference on Broadband, Wireless Computing, Communication and Applications},
  year  = {2010},
  month = {11},
  publisher = {{IEEE}},
  doi = {10.1109/bwcca.2010.85},
  url = {https://doi.org/10.1109/bwcca.2010.85}
}

@article{slepogin2017dridex,
  title = {Dridex: A History of Evolution},
  author = {Slepogin, Nikita},
  journal = {Securelist, Blog},
  year = {2017},
  month = {05},
  url = {https://securelist.com/dridex-a-history-of-evolution/78531/}
}

@article{krebs2014operation,
  title = {‘Operation Tovar’ Targets ‘Gameover’ ZeuS Botnet, CryptoLocker Scourge},
  author = {Krebs, Brian},
  journal = {KrebsonSecurity, Blog},
  year = {2014},
  month = {06},
  url = {https://krebsonsecurity.com/2014/06/operation-tovar-targets-gameover-zeus-botnet-cryptolocker-scourge/}
}

@article{anubisnetworks2015dridex,
  title = {Dridex - Chasing a botnet from the inside},
  author = {AnubisNetworks Labs},
  journal = {Malware Intelligence Report},
  year = {2015},
  month = {10},
  url = {https://cdn2.hubspot.net/hubfs/507516/ANB_MIR_Dridex_PRv7_final.pdf}
}

@article{hutchins2017lets,
  title = {Let's Unpack: Dridex Loader},
  author = {Hutchins, Marc},
  journal = {Malwaretech, Blog},
  year = {2017},
  month = {02},
  url = {https://www.malwaretech.com/2017/02/lets-unpack-dridex-loader.html}
}

@article{griffin2016dridex,
  title = {Dridex in the Shadows - Blacklisting, Stealth, and Crypto-Currency},
  author = {Griffin, Nicholas},
  journal = {Forcepoint Security Labs, Blog},
  year = {2016},
  month = {09},
  url = {https://blogs.forcepoint.com/security-labs/dridex-shadows-blacklisting-stealth-and-crypto-currency}
}

@article{wayne2016whats,
  title = {What's cooking? Dridex’s New and Undiscovered Recipes},
  author = {Chin, Wayne and Low, Yick},
  journal = {Fortinet, Blog},
  year = {2016},
  month = {03},
  url = {https://blog.fortinet.com/2016/03/23/what-s-cooking-dridex-s-new-and-undiscovered-recipes}
}

@article{bogdan2015dridex,
  title = {Dridex Now Targets Romania, Revives Word Macro Infection Technique},
  author = {Botezatu, Bogdan},
  journal = {Bitdefender LABS, Blog},
  year = {2015},
  month = {08},
  url = {https://labs.bitdefender.com/2015/08/dridex-now-targets-romania-revives-word-macro-infection-technique/}
}

@inproceedings{dittrich2012so,
  title = {So You Want to Take Over a Botnet...},
  author = {Dittrich, David},
  booktitle = {Proceedings of the 5th USENIX conference on Large-Scale Exploits and Emergent Threats},
  year = {2012},
  organization = {USENIX Association}
}

@article{porras2009conficker,
  title = {Conficker C P2P Protocol and Implementation},
  author = {Porras, Phillip and Saidi, Hassen and Yegneswaran, Vinod},
  journal = {Technical Report},
  year = {2009},
  month = {09},
  organization = {SRI International}
}

@article{plohmann2011botnet,
  title = {Botnets: Measurement, Detection, Disinfection and Defence},
  author = {Plohmann, Daniel and Gerhards-Padilla, Elmar, and Leder, Felix},
  journal = {test},
  year = {2011},
  month = {03},
  organization = {European},
  url = {https://www.enisa.europa.eu/publications/botnets-measurement-detection-disinfection-and-defence}
}